<collection xmlns="http://www.loc.gov/MARC21/slim">
<record>
  <leader>00530na 0a22001451i 450 </leader>
  <controlfield tag="001">IT\ICCU\CNCE\058809</controlfield>
  <controlfield tag="005">20070306000000.0</controlfield>
  <datafield tag="100" ind1=" " ind2=" ">
    <subfield code="a">20040719             0itac0103    ba</subfield>
  </datafield>
  <datafield tag="101" ind1=" " ind2=" ">
    <subfield code="a">ITA</subfield>
  </datafield>
  <datafield tag="200" ind1="1" ind2=" ">
    <subfield code="a">Discorso vniuersale di m. Gioseppe Moleto</subfield>
  </datafield>
  <datafield tag="700" ind1=" " ind2="1">
    <subfield code="a">Moleto,</subfield>
    <subfield code="b">Giuseppe</subfield>
    <subfield code="3">IT\ICCU\CNCA\008475</subfield>
  </datafield>
  <datafield tag="790" ind1=" " ind2="1">
    <subfield code="a">Moletti,</subfield>
    <subfield code="b">Giuseppe</subfield>
    <subfield code="3">IT\ICCU\CNCA\017826</subfield>
    <subfield code="z">Moleto, Giuseppe</subfield>
  </datafield>
  <datafield tag="790" ind1=" " ind2="1">
    <subfield code="a">Moleti,</subfield>
    <subfield code="b">Giuseppe</subfield>
    <subfield code="3">IT\ICCU\CNCA\021628</subfield>
    <subfield code="z">Moleto, Giuseppe</subfield>
  </datafield>
  <datafield tag="790" ind1=" " ind2="1">
    <subfield code="a">Moletius,</subfield>
    <subfield code="b">Iosephus</subfield>
    <subfield code="3">IT\ICCU\CNCA\021629</subfield>
    <subfield code="z">Moleto, Giuseppe</subfield>
  </datafield>
  <datafield tag="801" ind1=" " ind2="3">
    <subfield code="a">IT</subfield>
    <subfield code="b">ICCU</subfield>
    <subfield code="c">20201115</subfield>
  </datafield>
</record>
</collection>
